<record><leader>00000cas a22000007a 4500</leader><controlfield tag="001">27760021</controlfield><controlfield tag="008">930318d190019uuiluwr ne      0    0eng d</controlfield><datafield ind1=" " ind2=" " tag="010"><subfield code="a">sn 93055542 </subfield></datafield><datafield ind1=" " ind2=" " tag="040"><subfield code="a">NVF</subfield><subfield code="b">eng</subfield><subfield code="c">NVF</subfield><subfield code="d">OCLCQ</subfield><subfield code="d">NVF</subfield><subfield code="d">OCLCQ</subfield></datafield><datafield ind1="1" ind2=" " tag="029"><subfield code="a">AU@</subfield><subfield code="b">000026642183</subfield></datafield><datafield ind1="1" ind2=" " tag="029"><subfield code="a">NZ1</subfield><subfield code="b">16076610</subfield></datafield><datafield ind1=" " ind2=" " tag="042"><subfield code="a">msc</subfield></datafield><datafield ind1=" " ind2=" " tag="043"><subfield code="a">n-us-il</subfield></datafield><datafield ind1="0" ind2="4" tag="245"><subfield code="a">The times-citizen.</subfield></datafield><datafield ind1=" " ind2=" " tag="260"><subfield code="a">Roseville, Warren County, Ill. :</subfield><subfield code="b">Roseville Print. and Pub. Co.,</subfield><subfield code="c">1900-</subfield></datafield><datafield ind1=" " ind2=" " tag="300"><subfield code="a">v.</subfield></datafield><datafield ind1=" " ind2=" " tag="310"><subfield code="a">Weekly</subfield></datafield><datafield ind1="0" ind2=" " tag="362"><subfield code="a">Vol. 24, no. 35 (June 22, 1900)-</subfield></datafield><datafield ind1=" " ind2=" " tag="580"><subfield code="a">Formed by the union of: Roseville times, and: Roseville citizen.</subfield></datafield><datafield ind1=" " ind2="4" tag="651"><subfield code="a">Roseville (Ill.)</subfield><subfield code="v">Newspapers.</subfield></datafield><datafield ind1=" " ind2=" " tag="752"><subfield code="a">United States</subfield><subfield code="b">Illinois</subfield><subfield code="c">Warren</subfield><subfield code="d">Roseville.</subfield></datafield><datafield ind1="1" ind2="4" tag="780"><subfield code="t">Roseville times</subfield><subfield code="w">(DLC)sn2005062016</subfield><subfield code="w">(OCoLC)57483156</subfield></datafield><datafield ind1="1" ind2="4" tag="780"><subfield code="t">Roseville citizen</subfield></datafield><datafield ind1="0" ind2="0" tag="785"><subfield code="t">Roseville times-citizen</subfield><subfield code="w">(DLC)sn 93055543</subfield><subfield code="w">(OCoLC)27760092</subfield></datafield></record>